% Encoding: UTF-8

@inproceedings{figueiras2015towards,
  title        = {Towards the understanding of interaction in information visualization},
  author       = {Figueiras, Ana},
  booktitle    = {2015 19th International conference on information visualisation},
  pages        = {140--147},
  year         = {2015},
  organization = {IEEE}
}

@book{munzner2014visualization,
  title     = {Visualization analysis and design},
  author    = {Munzner, Tamara},
  year      = {2014},
  publisher = {CRC press}
}

@article{evergreen2013design,
  title     = {Design principles for data visualization in evaluation},
  author    = {Evergreen, Stephanie and Metzner, Chris},
  journal   = {New directions for evaluation},
  volume    = {2013},
  number    = {140},
  pages     = {5--20},
  year      = {2013},
  publisher = {Wiley Online Library}
}

@article{keim2002information,
  title     = {Information visualization and visual data mining},
  author    = {Keim, Daniel A},
  journal   = {IEEE transactions on Visualization and Computer Graphics},
  volume    = {8},
  number    = {1},
  pages     = {1--8},
  year      = {2002},
  publisher = {IEEE}
}

@book{ware2019information,
  title     = {Information visualization: perception for design},
  author    = {Ware, Colin},
  year      = {2019},
  publisher = {Morgan Kaufmann}
}

@book{courage2005understanding,
  title     = {Understanding your users: A practical guide to user requirements methods, tools, and techniques},
  author    = {Courage, Catherine and Baxter, Kathy},
  year      = {2005},
  publisher = {Gulf Professional Publishing}
}

@article{yi2007toward,
  title     = {Toward a deeper understanding of the role of interaction in information visualization},
  author    = {Yi, Ji Soo and ah Kang, Youn and Stasko, John and Jacko, Julie A},
  journal   = {IEEE transactions on visualization and computer graphics},
  volume    = {13},
  number    = {6},
  pages     = {1224--1231},
  year      = {2007},
  publisher = {IEEE}
}

@article{dimara2019interaction,
  title     = {What is interaction for data visualization?},
  author    = {Dimara, Evanthia and Perin, Charles},
  journal   = {IEEE transactions on visualization and computer graphics},
  volume    = {26},
  number    = {1},
  pages     = {119--129},
  year      = {2019},
  publisher = {IEEE}
}

@article{heer2012interactive,
  title     = {Interactive dynamics for visual analysis: A taxonomy of tools that support the fluent and flexible use of visualizations},
  author    = {Heer, Jeffrey and Shneiderman, Ben},
  journal   = {Queue},
  volume    = {10},
  number    = {2},
  pages     = {30--55},
  year      = {2012},
  publisher = {ACM New York, NY, USA}
}

@article{sweller1988cognitive,
  title     = {Cognitive load during problem solving: Effects on learning},
  author    = {Sweller, John},
  journal   = {Cognitive science},
  volume    = {12},
  number    = {2},
  pages     = {257--285},
  year      = {1988},
  publisher = {Elsevier}
}

@book{foley1996computer,
  title     = {Computer graphics: principles and practice},
  author    = {Foley, James D},
  volume    = {12110},
  year      = {1996},
  publisher = {Addison-Wesley Professional}
}

@inproceedings{deterding2011game,
  title     = {From game design elements to gamefulness: defining" gamification"},
  author    = {Deterding, Sebastian and Dixon, Dan and Khaled, Rilla and Nacke, Lennart},
  booktitle = {Proceedings of the 15th international academic MindTrek conference: Envisioning future media environments},
  pages     = {9--15},
  year      = {2011}
}

@article{janes2013effective,
  title   = {Effective dashboard design},
  author  = {Janes, Andrea and Sillitti, Alberto and Succi, Giancarlo and others},
  journal = {Cutter IT journal},
  volume  = {26},
  number  = {1},
  pages   = {17--24},
  year    = {2013}
}

@article{sarikaya2018we,
  title     = {What do we talk about when we talk about dashboards?},
  author    = {Sarikaya, Alper and Correll, Michael and Bartram, Lyn and Tory, Melanie and Fisher, Danyel},
  journal   = {IEEE transactions on visualization and computer graphics},
  volume    = {25},
  number    = {1},
  pages     = {682--692},
  year      = {2018},
  publisher = {IEEE}
}

@article{few2005common,
  title   = {Common in Dashboard Design},
  author  = {Few, Stephen and Principal, Perceptual Edge},
  journal = {Proclarity Corporation},
  year    = {2005}
}

@book{eckerson2010performance,
  title     = {Performance dashboards: measuring, monitoring, and managing your business},
  author    = {Eckerson, Wayne W},
  year      = {2010},
  publisher = {John Wiley \& Sons}
}

@inproceedings{pappas2011riding,
  title        = {Riding the technology wave: Effective dashboard data visualization},
  author       = {Pappas, Lisa and Whitman, Lisa},
  booktitle    = {Human Interface and the Management of Information. Interacting with Information: Symposium on Human Interface 2011, Held as Part of HCI International 2011, Orlando, FL, USA, July 9-14, 2011, Proceedings, Part I},
  pages        = {249--258},
  year         = {2011},
  organization = {Springer}
}

@online{googleStudio,
  title = {Google Data Studio},
  url   = {https://cloud.google.com/looker/docs/studio?hl=pt-PT&visit_id=638777295122019292-654876475&rd=1}
}

@online{powerBI,
  title = {Microsoft Power BI},
  url   = {https://learn.microsoft.com/pt-pt/power-bi/fundamentals/desktop-getting-started}
}

@online{figma,
  title = {Figma},
  url   = {https://help.figma.com/hc/en-us/categories/360002042553}
}

@online{tableau,
  title = {Tableau},
  url   = {https://www.tableau.com/products/tableau#key-features}
}

@online{qlik,
  title = {Qlik},
  url   = {https://www.qlik.com/us/products/qlik-sense#55e71495-316e-5ca2-bb6c-17ec246ca696}
}

@article{sridevi2014user,
  title   = {User interface design},
  author  = {Sridevi, S},
  journal = {International Journal of Computer Science and Information Technology Research},
  volume  = {2},
  number  = {2},
  pages   = {415--426},
  year    = {2014}
}

@article{article,
  author  = {Marinho, Alexandre and Oliveira, Wilk and Bittencourt, Ig and Demerval, Diego},
  year    = {2019},
  month   = {10},
  pages   = {40},
  title   = {Does Gamification Improve Flow Experience in Classroom? An Analysis of Gamer Types in Collaborative and Competitive Settings},
  volume  = {27},
  journal = {Revista Brasileira de Informática na Educação},
  doi     = {10.5753/rbie.2019.27.02.40}
}

@article{moody2009physics,
  title={The “physics” of notations: toward a scientific basis for constructing visual notations in software engineering},
  author={Moody, Daniel},
  journal={IEEE Transactions on software engineering},
  volume={35},
  number={6},
  pages={756--779},
  year={2009},
  publisher={IEEE}
}

@article{van2018systematic,
  title={A systematic literature review of applications of the physics of notations},
  author={Van Der Linden, Dirk and Hadar, Irit},
  journal={IEEE Transactions on Software Engineering},
  volume={45},
  number={8},
  pages={736--759},
  year={2018},
  publisher={IEEE}
}